@book{1988last,
  title={Last days of the Buddha: the Mah{\=a} Parinibb{\=a}na Sutta},
  author={Story, Francis and Vajir{\=a}, Sister},
  isbn={9789552400063},
  lccn={lc90905405},
  year={1988},
  publisher={Buddhist Publications Society}
}
@book{Crockford:2008,
 author = {Crockford, Douglas},
 title = {JavaScript: The Good Parts},
 year = {2008},
 isbn = {0596517742},
 publisher = {O'Reilly Media, Inc.},
} 

@book{Flanagan:2006,
 author = {Flanagan, David},
 title = {JavaScript: The Definitive Guide},
 year = {2006},
 isbn = {0596101996},
 publisher = {O'Reilly Media, Inc.},
} 

@misc{Champeon:2001,
author={Champeon, Steve},
howpublished={\url{http://oreilly.com/pub/a/javascript/2001/04/06/js_history.html}},
title={JavaScript: How Did We Get Here?},
year = {2001},
note = {[Online; accessed 17-Oct-2011]},
}

@book{ECMA:2009,
    address = {Geneva, Switzerland},
    author = {International, E. C. M. A.},
    edition = {Fifth},
    month = dec,
    publisher = {ECMA (European Association for Standardizing Information and Communication Systems)},
    title = {{ECMA-262: ECMAScript Language Specification}},
    url = {http://www.ecma-international.org/publications/standards/Ecma-262.htm},
    year = {2009}
}

@article{Dijkstra:1968,
 author = {Dijkstra, Edsger W.},
 title = {Letters to the editor: go to statement considered harmful},
 journal = {Commun. ACM},
 volume = {11},
 issue = {3},
 month = {March},
 year = {1968},
 issn = {0001-0782},
 pages = {147--148},
 numpages = {2},
 url = {http://doi.acm.org/10.1145/362929.362947},
 doi = {http://doi.acm.org/10.1145/362929.362947},
 acmid = {362947},
 publisher = {ACM},
 address = {New York, NY, USA},
 keywords = {alternative clause, branch instruction, conditional clause, go to statement, jump instruction, program intelligibility, program sequencing, repetitive clause},
}

@inproceedings{Lieberman:1986,
 author = {Lieberman, Henry},
 title = {Using prototypical objects to implement shared behavior in object-oriented systems},
 booktitle = {Conference proceedings on Object-oriented programming systems, languages and applications},
 series = {OOPLSA '86},
 year = {1986},
 isbn = {0-89791-204-7},
 location = {Portland, Oregon, United States},
 pages = {214--223},
 numpages = {10},
 url = {http://doi.acm.org/10.1145/28697.28718},
 doi = {http://doi.acm.org/10.1145/28697.28718},
 acmid = {28718},
 publisher = {ACM},
 address = {New York, NY, USA},
}

@article{IEEE754, 
 author={}, 
 journal={ANSI/IEEE Std 754-1985}, 
 title="{IEEE Standard for Binary Floating-Point Arithmetic}", 
 year={1985}, 
 month={ }, 
 volume={}, 
 number={}, 
 pages={0--1}, 
 keywords={Floating-Point Working Group;IEEE Computer Society;IEEE standard;Microprocessor Standards Subcommittee;Standards Committee;binary floating point arithmetic;digital arithmetic;standards;}, 
 doi={10.1109/IEEESTD.1985.82928}, 
 ISSN={},
}

@misc{rfc2781,
  author={P. Hoffman and F. Yergeau},
  title={UTF-16, an encoding of ISO 10646},
  series={Request for Comments},
  number={2781},
  howpublished={RFC 2781 (Informational)},
  publisher={IETF},
  organization={Internet Engineering Task Force},
  year={2000},
  month={feb},
  url={http://www.ietf.org/rfc/rfc2781.txt},
}


@incollection {Guha2010,
   author = {Guha, Arjun and Saftoiu, Claudiu and Krishnamurthi, Shriram},
   affiliation = {Brown University},
   title = {The Essence of JavaScript},
   booktitle = {ECOOP 2010 – Object-Oriented Programming},
   series = {Lecture Notes in Computer Science},
   editor = {D’Hondt, Theo},
   publisher = {Springer Berlin / Heidelberg},
   isbn = {978-3-642-14106-5},
   keyword = {Computer Science},
   pages = {126-150},
   volume = {6183},
   url = {http://dx.doi.org/10.1007/978-3-642-14107-2_7},
   year = {2010}
}

*******************************************************************************
* SELF, Dynamic Languages
*******************************************************************************

@techreport{type_info,
  title={{Representing type information in dynamically typed languages}},
  author={Gudeman, D.},
  institution={University of Arizona},
  number={TR 97-27},
  year={1993},
  month={October}
}

@inproceedings{self,
 author = {Chambers, C. and Ungar, D. and Lee, E.},
 title = {An efficient implementation of {Self}, a dynamically-typed object-oriented language based on prototypes},
 booktitle = {Proceedings of the 1989 ACM SIGPLAN conference on Object-oriented programming systems, languages and applications},
 year = {1989},
 isbn = {0-89791-333-7},
 location = {New Orleans, Louisiana, United States},
 pages = {49--70},
 numpages = {22},
 url = {http://doi.acm.org/10.1145/74877.74884},
 doi = {http://doi.acm.org/10.1145/74877.74884},
 acmid = {74884},
 publisher = {ACM},
 address = {New York, NY, USA},
}

@article{hoezle_self_oo,
 author = {H\"{o}lzle, Urs and Ungar, David},
 title = {Reconciling responsiveness with performance in pure object-oriented languages},
 journal = {ACM Transactions on Programming Languages and Systems},
 volume = {18},
 issue = {4},
 month = {July},
 year = {1996},
 issn = {0164-0925},
 pages = {355--400},
 numpages = {46},
 url = {http://doi.acm.org/10.1145/233561.233562},
 doi = {http://doi.acm.org/10.1145/233561.233562},
 acmid = {233562},
 publisher = {ACM},
 address = {New York, NY, USA},
 keywords = {adaptive optimization, pause clustering, profile-based optimization, run-time compilation, type feedback},
}

@inproceedings{Bracha:2004vp,
 author = {Bracha, Gilad and Ungar, David},
 title = {Mirrors: design principles for meta-level facilities of object-oriented programming languages},
 booktitle = {Proceedings of the 2004 ACM SIGPLAN conference on Object-oriented programming, systems, languages, and applications},
 year = {2004},
 isbn = {1-58113-831-8},
 location = {Vancouver, BC, Canada},
 pages = {331--344},
 numpages = {14},
 url = {http://doi.acm.org/10.1145/1028976.1029004},
 doi = {http://doi.acm.org/10.1145/1028976.1029004},
 acmid = {1029004},
 publisher = {ACM},
 address = {New York, NY, USA},
 keywords = {java, metaprogramming, mirrors, reflection, self, smalltalk},
} 

*******************************************************************************
* Java
*******************************************************************************

@conference{opt_analysis_java,
  title={{Dynamic optimistic interprocedural analysis: a framework and an application}},
  author={Pechtchanski, I. and Sarkar, V.},
  booktitle={Proceedings of the 16th ACM SIGPLAN conference on Object-oriented programming, systems, languages, and applications},
  pages={195--210},
  isbn={1581133359},
  year={2001},
  organization={ACM}
}

@conference{hotpathvm,
  title={{HotpathVM: an effective JIT compiler for resource-constrained devices}},
  author={Gal, A. and Probst, C.W. and Franz, M.},
  booktitle={Proceedings of the 2nd international conference on Virtual execution environments},
  pages={144--153},
  year={2006},
  organization={ACM}
}

@article{hotspot,
  title={{Design of the Java HotSpot client compiler for Java 6}},
  author={Kotzmann, T. and Wimmer, C. and M\"{o}ssenb\"{o}ck, H. and Rodriguez, T. and Russell, K. and Cox, D.},
  journal={ACM Transactions on Architecture and Code Optimization (TACO)},
  volume={5},
  number={1},
  pages={1--32},
  issn={1544-3566},
  year={2008},
  publisher={ACM}
}


*******************************************************************************
* Static Analysis
*******************************************************************************

@conference{abstract_interp,
  title={{Abstract interpretation: a unified lattice model for static analysis of programs by construction or approximation of fixpoints}},
  author={Cousot, P. and Cousot, R.},
  booktitle={Proceedings of the 4th ACM SIGACT-SIGPLAN symposium on Principles of programming languages},
  pages={238--252},
  year={1977},
  organization={ACM}
}

*******************************************************************************
* Tracing Compilers
*******************************************************************************

@conference{dynamo_opt,
  title={{Dynamo: a transparent dynamic optimization system}},
  author={Bala, V. and Duesterwald, E. and Banerjia, S.},
  booktitle={ACM SIGPLAN Notices},
  volume={35},
  number={5},
  pages={1--12},
  isbn={1581131992},
  issn={0362-1340},
  year={2000},
  organization={ACM}
}

*******************************************************************************
* Metacircular systems
*******************************************************************************

@article{huskey1960neliac,
  title={NELIAC—dialect of ALGOL},
  author={Huskey, H.D. and Halstead, MH and McArthur, R.},
  journal={Communications of the ACM},
  volume={3},
  number={8},
  pages={463--468},
  year={1960},
  publisher={ACM}
}

@inproceedings{ingalls1997back,
  title={Back to the future: the story of {Squeak}, a practical {Smalltalk} written in itself},
  author={Ingalls, D. and Kaehler, T. and Maloney, J. and Wallace, S. and Kay, A.},
  booktitle={Proceedings of the 1997 ACM SIGPLAN conference on Object-oriented programming, systems, languages, and applications},
  volume={32},
  number={10},
  pages={318--326},
  year={1997},
  organization={ACM},
  publisher = {ACM Press}
}

@inproceedings{klein,
 author = {Ungar, David and Spitz, Adam and Ausch, Alex},
 title = {Constructing a metacircular Virtual machine in an exploratory programming environment},
 booktitle = {Companion to the 2005 ACM SIGPLAN conference on Object-oriented programming, systems, languages, and applications},
 year = {2005},
 isbn = {1-59593-193-7},
 location = {San Diego, CA, USA},
 pages = {11--20},
 numpages = {10},
 url = {http://doi.acm.org/10.1145/1094855.1094865},
 doi = {http://doi.acm.org/10.1145/1094855.1094865},
 acmid = {1094865},
 publisher = {ACM},
 address = {New York, NY, USA},
 keywords = {Klein, code reuse, debugger, exploratory programming, fix-and-continue, lenses, liveness, meta-recursive, metacircularity, mirror-based reflection, object oriented, prototypes, reactivity, remote reflection, self, virtual machine},
} 

@article{jalapeno,
  title={{The Jalape\~no virtual machine}},
  author={Alpern, B. and Attanasio, C.R. and Barton, J.J. and Burke, M.G. and Cheng, P. and Choi, J.D. and Cocchi, A. and Fink, S.J. and Grove, D. and Hind, M. and others},
  journal={IBM Systems Journal},
  volume={39},
  number={1},
  pages={211--238},
  issn={0018-8670},
  year={2010},
  publisher={IBM}
}

@conference{maxine,
  title={{Trace-based compilation in execution environments without interpreters}},
  author={Bebenita, M. and Chang, M. and Wagner, G. and Gal, A. and Wimmer, C. and Franz, M.},
  booktitle={Proceedings of the 2010 International Conference on the Principles and Practice of Programming in Java},
  pages={59--68},
  year={2010},
  organization={ACM}
}

@conference{pypy,
  title={{PyPy's approach to virtual machine construction}},
  author={Rigo, A. and Pedroni, S.},
  booktitle={Companion to the 2006 ACM SIGPLAN symposium on Object-oriented programming systems, languages, and applications},
  pages={944--953},
  isbn={159593491X},
  year={2006},
  organization={ACM}
}

@conference{pypy_tracing,
  title={{Tracing the meta-level: PyPy's tracing JIT compiler}},
  author={Bolz, C.F. and Cuni, A. and Fijalkowski, M. and Rigo, A.},
  booktitle={Proceedings of the 2009 workshop on the Implementation, Compilation, Optimization of Object-Oriented Languages and Programming Systems},
  pages={18--25},
  year={2009},
  organization={ACM}
}

*******************************************************************************
* Techniques d'analyse et d'optimisation
*******************************************************************************

@article{proc_cloning,
  title={{A methodology for procedure cloning}},
  author={Cooper, K.D. and Hall, M.W. and Kennedy, K.},
  journal={Computer Languages},
  pages={146--160},
  year={1989},
  publisher={Citeseer}
}

@conference{ml_codegen,
  title={{Optimizing ML with run-time code generation}},
  author={Lee, P. and Leone, M.},
  booktitle={Proceedings of the 1996 ACM SIGPLAN conference on Programming language design and implementation},
  pages={137--148},
  isbn={0897917952},
  year={1996},
  organization={ACM}
}

@conference{inline_caches,
  title={{Optimizing dynamically-typed object-oriented languages with polymorphic inline caches}},
  author={H{\\"o}lzle, U. and Chambers, C. and Ungar, D.},
  booktitle={ECOOP'91 European Conference on Object-Oriented Programming},
  pages={21--38},
  year={1991},
  organization={Springer}
}

@article{thin_guards,
  title={{Thin guards: A simple and effective technique for reducing the penalty of dynamic class loading}},
  author={Arnold, M. and Ryder, B.},
  journal={ECOOP 2002—Object-Oriented Programming},
  pages={31--78},
  year={2006},
  publisher={Springer}
}

@conference{osr,
  title={{Efficient and general on-stack replacement for aggressive program specialization}},
  author={Soman, S. and Krintz, C.},
  booktitle={International Conference on Programming Languages and Compilers (PLC), Las Vegas, NV},
  year={2006},
  organization={Citeseer}
}

@conference{psyco,
  title={{Representation-based just-in-time specialization and the psyco prototype for python}},
  author={Rigo, A.},
  booktitle={Proceedings of the 2004 ACM SIGPLAN symposium on Partial evaluation and semantics-based program manipulation},
  pages={15--26},
  isbn={1581138350},
  year={2004},
  organization={ACM}
}

@article{adaptive_survey,
  title={{A survey of adaptive optimization in virtual machines}},
  author={Arnold, M. and Fink, S.J. and Grove, D. and Hind, M. and Sweeney, P.F.},
  journal={Proceedings of the IEEE},
  volume={93},
  number={2},
  pages={449--466},
  issn={0018-9219},
  year={2005},
  publisher={IEEE}
}

@conference{type_analysis,
  title={{Flexible type analysis}},
  author={Crary, K. and Weirich, S.},
  booktitle={Proceedings of the 1999 ACM SIGPLAN international conference on Functional programming},
  pages={233--248},
  isbn={1581131119},
  year={1999},
  organization={ACM}
}

@article{static_vs_dynamic,
  title={{Dynamic versus static optimization techniques for object-oriented languages}},
  author={H{\\"o}lzle, U. and Agesen, O.},
  journal={Theory and Practice of Object Systems},
  volume={1},
  number={3},
  pages={167--188},
  issn={1074-3227},
  year={1995},
  publisher={John Wiley \& Sons, Inc.}
}

@phdthesis{runtime_spec,
  title={{Dynamic Optimization through the use of Automatic Runtime Specialization}},
  author={Whaley, J.},
  year={1999},
  school={MASSACHUSETTS INSTITUTE OF TECHNOLOGY}
}

@article{value_profiles,
  title={{Code specialization based on value profiles}},
  author={Muth, R. and Watterson, S. and Debray, S.},
  journal={Static Analysis},
  pages={340--361},
  year={2000},
  publisher={Springer}
}

@conference{type_infer_ruby,
  title={{Static type inference for Ruby}},
  author={Furr, M. and An, J.D. and Foster, J.S. and Hicks, M.},
  booktitle={Proceedings of the 2009 ACM symposium on Applied Computing},
  pages={1859--1866},
  year={2009},
  organization={ACM}
}

@conference{profile_typing,
  title={{Profile-guided static typing for dynamic scripting languages}},
  author={Furr, M. and An, J.D. and Foster, J.S.},
  booktitle={Proceeding of the 24th ACM SIGPLAN conference on Object oriented programming systems languages and applications},
  pages={283--300},
  year={2009},
  organization={ACM}
}

@conference{mcvm,
  title={{Optimizing MATLAB through just-in-time specialization}},
  author={Chevalier-Boisvert, M. and Hendren, L. and Verbrugge, C.},
  booktitle={Compiler Construction},
  pages={46--65},
  year={2010},
  organization={Springer}
}

@conference{rata,
  title={{RATA: Rapid Atomic Type Analysis by Abstract Interpretation--Application to JavaScript Optimization}},
  author={Logozzo, F. and Venter, H.},
  booktitle={Proceedings of the 2010 international conference on Compiler construction},
  pages={66--83},
  year={2010},
  organization={Springer}
}

@article{removing_ovf,
  title={{Dynamic Elimination of Overflow Tests in a Trace Compiler}},
  author={Sol, R. and Guillon, C. and Pereira, F.M.Q. and Bigonha, M.A.S.},
  booktitle={Proceedings of the 2011 international conference on Compiler construction},
  year={2011},
  organization={Springer}
}

@article{port_jit_spec,
  title={{Portable Just-in-Time Specialization of Dynamically Typed Scripting Languages}},
  author={Williams, K. and McCandless, J. and Gregg, D.},
  journal={Languages and Compilers for Parallel Computing},
  pages={391--398},
  year={2009},
  publisher={Springer}
}

@inproceedings{allocation_removal,
 author = {Bolz, Carl Friedrich and Cuni, Antonio and FijaBkowski, Maciej and Leuschel, Michael and Pedroni, Samuele and Rigo, Armin},
 title = {Allocation removal by partial evaluation in a tracing JIT},
 booktitle = {Proceedings of the 2011 ACM SIGPLAN workshop on Partial evaluation and program manipulation},
 year = {2011},
 isbn = {978-1-4503-0485-6},
 location = {Austin, Texas, USA},
 pages = {43--52},
 numpages = {10},
 url = {http://doi.acm.org/10.1145/1929501.1929508},
 doi = {http://doi.acm.org/10.1145/1929501.1929508},
 acmid = {1929508},
 publisher = {ACM},
 address = {New York, NY, USA},
 keywords = {optimization, partial evaluation, tracing jit},
}

*******************************************************************************
* JavaScript
*******************************************************************************

@book{js_spec,
    address = {Geneva, Switzerland},
    author = {International, E. C. M. A.},
    citeulike-article-id = {3292257},
    citeulike-linkout-0 = {http://www.ecma-international.org/publications/standards/Ecma-327.htm},
    edition = {Third},
    keywords = {ecmascript, javascript, programming},
    month = dec,
    posted-at = {2008-09-19 09:19:05},
    priority = {0},
    publisher = {ECMA (European Association for Standardizing Information and Communication Systems)},
    title = {{ECMA-262: ECMAScript Language Specification}},
    url = {http://www.ecma-international.org/publications/standards/Ecma-327.htm},
    year = {1999}
}

@conference{behavior_python,
  title={{Evaluating the dynamic behaviour of Python applications}},
  author={Holkner, A. and Harland, J.},
  booktitle={Proceedings of the Thirty-Second Australasian Conference on Computer Science-Volume 91},
  pages={19--28},
  year={2009},
  organization={Australian Computer Society, Inc.}
}

@conference{behavior_js,
  title={{An analysis of the dynamic behavior of JavaScript programs}},
  author={Richards, G. and Lebresne, S. and Burg, B. and Vitek, J.},
  booktitle={Proceedings of the 2010 ACM SIGPLAN conference on Programming language design and implementation},
  pages={1--12},
  year={2010},
  organization={ACM}
}

@conference{jsmeter,
  title={{JSMeter: Comparing the behavior of JavaScript benchmarks with real Web applications}},
  author={Ratanaworabhan, P. and Livshits, B. and Zorn, B.G.},
  booktitle={Proceedings of the 2010 USENIX conference on Web application development},
  pages={3},
  year={2010},
  organization={USENIX Association}
}

@conference{tracemonkey,
  title={{Trace-based just-in-time type specialization for dynamic languages}},
  author={Gal, A. and Eich, B. and Shaver, M. and Anderson, D. and Mandelin, D. and Haghighat, M.R. and Kaplan, B. and Hoare, G. and Zbarsky, B. and Orendorff, J. and others},
  booktitle={Proceedings of the 2009 ACM SIGPLAN conference on Programming language design and implementation},
  pages={465--478},
  year={2009},
  organization={ACM}
}

@article{trace_concurrent,
  title={{A concurrent trace-based just-in-time compiler for single-threaded JavaScript}},
  author={Ha, J. and Haghighat, M.R. and Cong, S. and McKinley, K.S.},
  journal={PESPMA 2009},
  pages={47},
  year={2009}
}

@conference{tracing_nextgen,
  title={{Tracing for web 3.0: trace compilation for the next generation web applications}},
  author={Chang, M. and Smith, E. and Reitmaier, R. and Bebenita, M. and Gal, A. and Wimmer, C. and Eich, B. and Franz, M.},
  booktitle={Proceedings of the 2009 ACM SIGPLAN/SIGOPS international conference on Virtual execution environments},
  pages={71--80},
  year={2009},
  organization={ACM}
}

@conference{points_to_js,
  title={{Points-to analysis for JavaScript}},
  author={Jang, D. and Choe, K.M.},
  booktitle={Proceedings of the 2009 ACM symposium on Applied Computing},
  pages={1930--1937},
  year={2009},
  organization={ACM}
}

@article{js_types,
  title={{Type analysis for JavaScript}},
  author={Jensen, S. and M{\o}ller, A. and Thiemann, P.},
  journal={Static Analysis},
  pages={238--255},
  year={2009},
  publisher={Springer}
}

@conference{js_type_infer,
  title={{Type inference for scripting languages with implicit extension}},
  author={Zhao, T.},
  year={2010},
  organization={FOOL}
}

@article{essence_js,
  title={{The essence of JavaScript}},
  author={Guha, A. and Saftoiu, C. and Krishnamurthi, S.},
  journal={ECOOP 2010--Object-Oriented Programming},
  pages={126--150},
  year={2010},
  publisher={Springer}
}

@inbook{js_good_parts,
  author = "Douglas Crockford",
  title = "JavaScript: The Good Parts",
  publisher = "O'Reilly",
  year = {2008},
  chapter = {4},
  pages={42}
}

@InProceedings{tracemonkey_overflow,
  author = {Sol, Rodrigo and Guillon, Christophe and Pereira, Fernando Magno Quint\~{a}o and Bigonha, Mariza A. S.},
  title = {Dynamic elimination of overflow tests in a trace compiler},
  booktitle = {Proceedings of the 2011 international conference on Compiler construction},
  year = {2011},
  isbn = {978-3-642-19860-1},
  location = {Saarbr\&\#252;cken, Germany},
  pages = {2--21},
  numpages = {20},
  acmid = {1987241},
  publisher = {Springer-Verlag},
  address = {Berlin, Heidelberg},
} 

@Conference{eval,
  title={The eval that men do -- A Large-scale Study of the Use of Eval in {JavaScript} Applications},
  author={Richards, G. and Hammer, C. and Burg, B. and Vitek, J.},
  booktitle={European Conference on Object-Oriented Programming},
  year={2011},
  organization={Springer}
}

@InProceedings{js2scheme,
  author = {Florian Loitsch},
  title = {{JavaScript} to {S}cheme Compilation},
  booktitle = {Proceedings of the 2005 Workshop on {S}cheme and Functional Programming},
  year = 2005,
  month = "september",
  pages = "101-116"
}

*******************************************************************************
* Register Allocation
*******************************************************************************

@inproceedings{Wimmer:2010tk,
 author = {Wimmer, Christian and Franz, Michael},
 title = {Linear scan register allocation on {SSA} form},
 booktitle = {Proceedings of the 2010 IEEE/ACM international symposium on Code generation and optimization},
 year = {2010},
 isbn = {978-1-60558-635-9},
 location = {Toronto, Ontario, Canada},
 pages = {170--179},
 numpages = {10},
 url = {http://doi.acm.org/10.1145/1772954.1772979},
 doi = {http://doi.acm.org/10.1145/1772954.1772979},
 acmid = {1772979},
 publisher = {ACM},
 address = {New York, NY, USA},
 keywords = {Java, SSA form, SSA form deconstruction, just-in-time compilation, lifetime analysis, linear scan, register allocation},
}

@article{Poletto:1999wl,
 author = {Poletto, Massimiliano and Sarkar, Vivek},
 title = {Linear scan register allocation},
 journal = {ACM Transactions on Programming Languages and Systems},
 volume = {21},
 issue = {5},
 month = {September},
 year = {1999},
 issn = {0164-0925},
 pages = {895--913},
 numpages = {19},
 url = {http://doi.acm.org/10.1145/330249.330250},
 doi = {http://doi.acm.org/10.1145/330249.330250},
 acmid = {330250},
 publisher = {ACM},
 address = {New York, NY, USA},
 keywords = {code optimization, compilers, register allocation},
} 

@article{Traub:1998tg,
author = {Traub, O and Holloway, G and Smith, M},
title = {{Quality and speed in linear-scan register allocation}},
journal = {Proceedings of the ACM {\ldots}},
year = {1998},
month = {jan}
}

*******************************************************************************
* Miscellaneous
*******************************************************************************

@inproceedings{ssa,
  title={An efficient method of computing static single assignment form},
  author={Cytron, R. and Ferrante, J. and Rosen, B.K. and Wegman, M.N. and Zadeck, F.K.},
  booktitle={Proceedings of the 1989 ACM SIGPLAN-SIGACT symposium on Principles of programming languages},
  pages={25--35},
  year={1989},
  organization={ACM}
}

@article{sccp,
  title={Constant propagation with conditional branches},
  author={Wegman, M.N. and Zadeck, F.K.},
  journal={ACM Transactions on Programming Languages and Systems},
  volume={13},
  number={2},
  pages={181--210},
  year={1991},
  publisher={ACM}
}

@article{llvm,
author = {Chris Lattner and Vikram Adve},
title = {{LLVM}: A Compilation Framework for Lifelong Program Analysis \& Transformation},
journal ={Proceedings of the 2004 IEEE/ACM international symposium on Code generation and optimization},
volume = {0},
isbn = {0-7695-2102-9},
year = {2004},
pages = {75},
doi = {http://doi.ieeecomputersociety.org/10.1109/CGO.2004.1281665},
publisher = {IEEE Computer Society},
address = {Los Alamitos, CA, USA},
}

@misc{squirrelfish_web,
  title = {{SquirrelFish (WebKit Wiki)}},
  howpublished = "\url{http://trac.webkit.org/wiki/SquirrelFish}",
  year = {2011},
  note = "[Online; accessed June 13 2011]"
}

@misc{v8,
  title = {{V8 JavaScript Engine}},
  howpublished = "\url{http://code.google.com/p/v8/}",
  year = {2012},
  note = "[Online; accessed April 13 2012]"
}

@misc{chakra_web,
  title = {{Chakra (JScript engine)}},
  howpublished = "\url{http://en.wikipedia.org/wiki/Chakra_(JScript_engine)}",
  year = {2011},
  note = "[Online; accessed June 13 2011]"
}

@incollection{Piumarta:2008,
 author = {Piumarta, Ian and Warth, Alessandro},
 chapter = {Open, Extensible Object Models},
 title = {Self-Sustaining Systems},
 editor = {Hirschfeld, Robert and Rose, Kim},
 year = {2008},
 isbn = {978-3-540-89274-8},
 pages = {1--30},
 numpages = {30},
 url = {http://dx.doi.org/10.1007/978-3-540-89275-5_1},
 doi = {10.1007/978-3-540-89275-5_1},
 acmid = {1482375},
 publisher = {Springer-Verlag},
 address = {Berlin, Heidelberg},
}

@book{Kiczales:1991,
 author = {Kiczales, Gregor and Rivieres, Jim Des},
 title = {The  Art of the Metaobject Protocol},
 year = {1991},
 isbn = {0262111586},
 publisher = {MIT Press},
 address = {Cambridge, MA, USA},
} 

@inproceedings{Warth:2007,
 author = {Warth, Alessandro and Piumarta, Ian},
 title = {OMeta: an object-oriented language for pattern matching},
 booktitle = {Proceedings of the 2007 symposium on Dynamic languages},
 series = {DLS '07},
 year = {2007},
 isbn = {978-1-59593-868-8},
 location = {Montreal, Quebec, Canada},
 pages = {11--19},
 numpages = {9},
 url = {http://doi.acm.org/10.1145/1297081.1297086},
 doi = {10.1145/1297081.1297086},
 acmid = {1297086},
 publisher = {ACM},
 address = {New York, NY, USA},
 keywords = {metacircular implementation, parsing, pattern matching},
}

@inproceedings{Klint:2010,
 author = {Klint, Paul and van der Storm, Tijs and Vinju, Jurgen},
 title = {On the impact of DSL tools on the maintainability of language implementations},
 booktitle = {Proceedings of the Tenth Workshop on Language Descriptions, Tools and Applications},
 series = {LDTA '10},
 year = {2010},
 isbn = {978-1-4503-0063-6},
 location = {Paphos, Cyprus},
 pages = {10:1--10:9},
 articleno = {10},
 numpages = {9},
 url = {http://doi.acm.org/10.1145/1868281.1868291},
 doi = {10.1145/1868281.1868291},
 acmid = {1868291},
 publisher = {ACM},
 address = {New York, NY, USA},
 keywords = {domain specific languages, language engineering, maintainability, tools},
} 

@inproceedings{Chevalier-Boisvert:2011,
 author = {Chevalier-Boisvert, Maxime and Lavoie, Erick and Feeley, Marc and Dufour, Bruno},
 title = {Bootstrapping a self-hosted research virtual machine for JavaScript: an experience report},
 booktitle = {Proceedings of the 7th symposium on Dynamic languages},
 series = {DLS '11},
 year = {2011},
 isbn = {978-1-4503-0939-4},
 location = {Portland, Oregon, USA},
 pages = {61--72},
 numpages = {12},
 url = {http://doi.acm.org/10.1145/2047849.2047858},
 doi = {10.1145/2047849.2047858},
 acmid = {2047858},
 publisher = {ACM},
 address = {New York, NY, USA},
 keywords = {compiler, framework, implementation, javascript, optimization, self-hosted, virtual machine},
} 

@article{McCarthy:1960,
 author = {McCarthy, John},
 title = {Recursive functions of symbolic expressions and their computation by machine, Part I},
 journal = {Commun. ACM},
 issue_date = {April 1960},
 volume = {3},
 number = {4},
 month = apr,
 year = {1960},
 issn = {0001-0782},
 pages = {184--195},
 numpages = {12},
 url = {http://doi.acm.org/10.1145/367177.367199},
 doi = {10.1145/367177.367199},
 acmid = {367199},
 publisher = {ACM},
 address = {New York, NY, USA},
} 

@inproceedings{Kay:1993,
 author = {Kay, Alan C.},
 title = {The early history of Smalltalk},
 booktitle = {The second ACM SIGPLAN conference on History of programming languages},
 series = {HOPL-II},
 year = {1993},
 isbn = {0-89791-570-4},
 location = {Cambridge, Massachusetts, United States},
 pages = {69--95},
 numpages = {27},
 url = {http://doi.acm.org/10.1145/154766.155364},
 doi = {10.1145/154766.155364},
 acmid = {155364},
 publisher = {ACM},
 address = {New York, NY, USA},
} 

@inproceedings{Piumarta:2011,
 author = {Piumarta, Ian},
 title = {Open, extensible composition models},
 booktitle = {Proceedings of the 1st International Workshop on Free Composition},
 series = {FREECO '11},
 year = {2011},
 isbn = {978-1-4503-0892-2},
 location = {Lancaster, United Kingdom},
 pages = {2:1--2:5},
 articleno = {2},
 numpages = {5},
 url = {http://doi.acm.org/10.1145/2068776.2068778},
 doi = {10.1145/2068776.2068778},
 acmid = {2068778},
 publisher = {ACM},
 address = {New York, NY, USA},
} 

@inproceedings{Wurthinger:2011,
 author = {W\"{u}rthinger, Thomas and Ansaloni, Danilo and Binder, Walter and Wimmer, Christian and M\"{o}ssenb\"{o}ck, Hanspeter},
 title = {Safe and atomic run-time code evolution for Java and its application to dynamic AOP},
 booktitle = {Proceedings of the 2011 ACM international conference on Object oriented programming systems languages and applications},
 series = {OOPSLA '11},
 year = {2011},
 isbn = {978-1-4503-0940-0},
 location = {Portland, Oregon, USA},
 pages = {825--844},
 numpages = {20},
 url = {http://doi.acm.org/10.1145/2048066.2048129},
 doi = {10.1145/2048066.2048129},
 acmid = {2048129},
 publisher = {ACM},
 address = {New York, NY, USA},
 keywords = {AOP, AspectJ, Java, code evolution, dynamic aspect-oriented programming, dynamic software updating, run-time evolution, update regions, virtual machine},
}

@inproceedings{Austin:2011,
 author = {Austin, Thomas H. and Disney, Tim and Flanagan, Cormac},
 title = {Virtual values for language extension},
 booktitle = {Proceedings of the 2011 ACM international conference on Object oriented programming systems languages and applications},
 series = {OOPSLA '11},
 year = {2011},
 isbn = {978-1-4503-0940-0},
 location = {Portland, Oregon, USA},
 pages = {921--938},
 numpages = {18},
 url = {http://doi.acm.org/10.1145/2048066.2048136},
 doi = {10.1145/2048066.2048136},
 acmid = {2048136},
 publisher = {ACM},
 address = {New York, NY, USA},
 keywords = {behavioral intercession, metaobject protocols, proxies},
} 

@inproceedings{Lerner:2010,
 author = {Lerner, Benjamin S. and Venter, Herman and Grossman, Dan},
 title = {Supporting dynamic, third-party code customizations in JavaScript using aspects},
 booktitle = {Proceedings of the ACM international conference on Object oriented programming systems languages and applications},
 series = {OOPSLA '10},
 year = {2010},
 isbn = {978-1-4503-0203-6},
 location = {Reno/Tahoe, Nevada, USA},
 pages = {361--376},
 numpages = {16},
 url = {http://doi.acm.org/10.1145/1869459.1869490},
 doi = {10.1145/1869459.1869490},
 acmid = {1869490},
 publisher = {ACM},
 address = {New York, NY, USA},
 keywords = {JavaScript, aspects, extensions},
}

@inproceedings{VanCutsem:2010,
 author = {Van Cutsem, Tom and Miller, Mark S.},
 title = {Proxies: design principles for robust object-oriented intercession APIs},
 booktitle = {Proceedings of the 6th symposium on Dynamic languages},
 series = {DLS '10},
 year = {2010},
 isbn = {978-1-4503-0405-4},
 location = {Reno/Tahoe, Nevada, USA},
 pages = {59--72},
 numpages = {14},
 url = {http://doi.acm.org/10.1145/1869631.1869638},
 doi = {10.1145/1869631.1869638},
 acmid = {1869638},
 publisher = {ACM},
 address = {New York, NY, USA},
 keywords = {Javascript, intercession, proxies, reflection},
} 

@inproceedings{Medeiros:2008,
 author = {Medeiros, S{\'e}rgio and Ierusalimschy, Roberto},
 title = {A parsing machine for PEGs},
 booktitle = {Proceedings of the 2008 symposium on Dynamic languages},
 series = {DLS '08},
 year = {2008},
 isbn = {978-1-60558-270-2},
 location = {Paphos, Cyprus},
 pages = {2:1--2:12},
 articleno = {2},
 numpages = {12},
 url = {http://doi.acm.org/10.1145/1408681.1408683},
 doi = {10.1145/1408681.1408683},
 acmid = {1408683},
 publisher = {ACM},
 address = {New York, NY, USA},
 keywords = {operational semantics, parsing expression grammars, parsing machine, pattern matching, scripting languages},
}

@article{Ierusalimschy:2009,
 author = {Ierusalimschy, Roberto},
 title = {A text pattern-matching tool based on Parsing Expression Grammars},
 journal = {Softw. Pract. Exper.},
 issue_date = {March 2009},
 volume = {39},
 number = {3},
 month = mar,
 year = {2009},
 issn = {0038-0644},
 pages = {221--258},
 numpages = {38},
 url = {http://dx.doi.org/10.1002/spe.v39:3},
 doi = {10.1002/spe.v39:3},
 acmid = {1507239},
 publisher = {John Wiley \& Sons, Inc.},
 address = {New York, NY, USA},
 keywords = {Parsing Expression Grammars, pattern matching, scripting languages},
} 

@inproceedings{Agesen:1994,
 author = {Agesen, Ole and Ungar, David},
 title = {Sifting out the gold: delivering compact applications from an exploratory object-oriented programming environment},
 booktitle = {Proceedings of the ninth annual conference on Object-oriented programming systems, language, and applications},
 series = {OOPSLA '94},
 year = {1994},
 isbn = {0-89791-688-3},
 location = {Portland, Oregon, United States},
 pages = {355--370},
 numpages = {16},
 url = {http://doi.acm.org/10.1145/191080.191135},
 doi = {10.1145/191080.191135},
 acmid = {191135},
 publisher = {ACM},
 address = {New York, NY, USA},
} 

@inproceedings{Subramanian:2009,
 author = {Subramanian, Suriya and Hicks, Michael and McKinley, Kathryn S.},
 title = {Dynamic software updates: a VM-centric approach},
 booktitle = {Proceedings of the 2009 ACM SIGPLAN conference on Programming language design and implementation},
 series = {PLDI '09},
 year = {2009},
 isbn = {978-1-60558-392-1},
 location = {Dublin, Ireland},
 pages = {1--12},
 numpages = {12},
 url = {http://doi.acm.org/10.1145/1542476.1542478},
 doi = {10.1145/1542476.1542478},
 acmid = {1542478},
 publisher = {ACM},
 address = {New York, NY, USA},
 keywords = {dynamic software updating, garbage collection, virtual machine technology},
} 

@inproceedings{Smith:1995,
 author = {Smith, Randall B. and Ungar, David},
 title = {Programming as an Experience: The Inspiration for Self},
 booktitle = {Proceedings of the 9th European Conference on Object-Oriented Programming},
 series = {ECOOP '95},
 year = {1995},
 isbn = {3-540-60160-0},
 pages = {303--330},
 numpages = {28},
 url = {http://dl.acm.org/citation.cfm?id=646153.679530},
 acmid = {679530},
 publisher = {Springer-Verlag},
 address = {London, UK, UK},
} 

@inproceedings{Mulet:1993,
 author = {Mulet, Philippe and Cointe, Pierre},
 title = {Definition of a Reflective Kernel for a Prototype-Based Language},
 booktitle = {Proceedings of the First JSSST International Symposium on Object Technologies for Advanced Software},
 year = {1993},
 isbn = {3-540-57342-9},
 pages = {128--144},
 numpages = {17},
 url = {http://dl.acm.org/citation.cfm?id=646897.710012},
 acmid = {710012},
 publisher = {Springer-Verlag},
 address = {London, UK, UK},
} 

@article{Turing1936,
  added-at = {2011-12-15T17:25:32.000+0100},
  author = {Turing, Alan M.},
  biburl = {http://www.bibsonomy.org/bibtex/297ba9ab572e2017ce1dd25da3af837af/djain},
  interhash = {8ac1f5e961ff74849ab6f0c7348b9c9c},
  intrahash = {97ba9ab572e2017ce1dd25da3af837af},
  journal = {Proceedings of the London Mathematical Society},
  keywords = {logic},
  pages = {230--265},
  series = 2,
  timestamp = {2011-12-15T17:25:32.000+0100},
  title = {On Computable Numbers, with an application to the
Entscheidungsproblem},
  volume = 42,
  year = 1936
}

@article{Feynman1982,
  added-at = {2009-11-15T22:37:15.000+0100},
  author = {Feynman, Richard ER},
  biburl = {http://www.bibsonomy.org/bibtex/2bfdfbf76139b7bc142f3c7d5b20df530/lindoze},
  interhash = {e7b5cbbbe625b40aca61c24bdbee745d},
  intrahash = {bfdfbf76139b7bc142f3c7d5b20df530},
  journal = {International Journal of Theoretical Physics},
  keywords = {quantum_simulation},
  month = Jun,
  number = 6,
  pages = {467--488},
  timestamp = {2009-11-15T22:37:15.000+0100},
  title = {Simulating physics with computers},
  url = {http://dx.doi.org/10.1007/BF02650179},
  volume = 21,
  year = 1982
}

@article{Bell1964a,
    author = {Bell, John S.},
    citeulike-article-id = {4253487},
    journal = {Physics},
    keywords = {ghz\_paper},
    pages = {195--200},
    posted-at = {2009-04-01 16:14:47},
    priority = {2},
    title = {{On the Einstein-Podolsky-Rosen paradox}},
    volume = {1},
    year = {1964}
}

@article{Ingalls1981,
  added-at = {2009-08-29T18:11:31.000+0200},
  author = {Ingalls, Dan},
  biburl = {http://www.bibsonomy.org/bibtex/2d04371501c7e0bb4e1940aa97c91c7f9/n770},
  interhash = {5e560bb56f662cd4b676040e4757f039},
  intrahash = {d04371501c7e0bb4e1940aa97c91c7f9},
  journal = {Byte},
  keywords = {imported},
  month = {August},
  note = {Special Issue on Smalltalk
       \url{http://www.cs.virginia.edu/~evans/cs655/readings/smalltalk.html} --
       gepr{\"u}ft: 3.~May~2012},
  number = 8,
  timestamp = {2009-08-29T18:11:31.000+0200},
  title = {{Design Principles Behind Smalltalk}},
  volume = 6,
  year = 1981
}

@Book{LCA-BOOK-2010-001,
   abstract    = {This book is the set of lecture notes for a course given
                 at EPFL. It contains all the material needed by an
                 engineer who wishes to evaluate the performance of a
                 computer or communication system.},
   address     = {Lausanne},
   affiliation = {EPFL},
   author      = {Le Boudec, Jean-Yves},
   details     = {http://infoscience.epfl.ch/record/146812},
   documenturl = {http://infoscience.epfl.ch/record/146812/files/perf.pdf},
   isbn        = { 978-2-940222-40-7},
   keywords    = {Performance Evaluation, Queuing Theory, Palm Calculus,;
                 Confidence Intervals, Simulation, Importance Sampling,;
                 Forecasting},
   oai-id      = {oai:infoscience.epfl.ch:146812},
   oai-set     = {book},
   publisher   = {EPFL Press},
   series      = { },
   status      = {PUBLISHED},
   submitter   = {105633; 105633; 105633},
   title       = {Performance {E}valuation of {C}omputer and {C}ommunication {S}ystems},
   unit        = {LCA LCA2},
   url         = {http://perfeval.epfl.ch/lectureNotes.htm},
   year        = 2010
}

@misc{stroustrup,
  author = {Stroustrup, Bjarne},
  title = {Bjarne Stroustrup's FAQ},
  month = {December},
  year = {2012},
  howpublished = {\url{http://www.stroustrup.com/bs_faq.html}}
}

@misc{michaux:LazyFunctionDefinitionPattern,
  author = {Michaux, Peter},
  title = {Lazy Function Definition Pattern},
  month = {December},
  year = {2012},
  howpublished = {\\ 
  \url{http://michaux.ca/articles/lazy-function-definition-pattern}}
}

@inproceedings{Kiczales92towardsa,
    author = {Gregor Kiczales},
    title = {Towards a New Model of Abstraction in the Engineering of Software},
    booktitle = {Proceedings of the International Workshop on New Models for Software Architecture 1992; Reflection and Meta-Level Architecture},
    year = {1992},
    pages = {1--11},
    publisher = {}
}


